<?xml version="1.0" encoding="UTF-8"?><collection xmlns="http://www.loc.gov/MARC21/slim"><record><leader>00469nam--2200121-i-4500</leader><controlfield tag="001">000024782</controlfield><controlfield tag="002">20161230</controlfield><controlfield tag="005">20161230201035</controlfield><controlfield tag="008">060222s1000------------r-----000-0-eng-d</controlfield><datafield ind1=" " ind2=" " tag="080"><subfield code="a">621.39</subfield></datafield><datafield ind1=" " ind2=" " tag="245"><subfield code="a">Industries nucleaires dans la communite programme indicatif nucleaire au sens de l`article 40 du traite euratom 1984 accompagne de l`avis du comite economique et social du 30 mai 1985</subfield></datafield><datafield ind1=" " ind2=" " tag="260"><subfield code="a">Bruxelles, Commission Des Communites Europeenes, 1985. 40p</subfield></datafield><datafield ind1=" " ind2=" " tag="852"><subfield code="a">79303</subfield></datafield></record></collection>